%% This BibTeX bibliography file was created using BibDesk.
%% http://bibdesk.sourceforge.net/

%% Created for Welch, Nathan G at 2017-06-07 21:33:20 -0700 


%% Saved with string encoding Unicode (UTF-8) 



@article{Roberts,
	Author = {Roberts, G.O. and Rosenthal, J.S.},
	Date-Added = {2017-06-08 04:00:31 +0000},
	Date-Modified = {2017-06-08 04:33:19 +0000},
	Journal = {Computational Graphical Statistics},
	Pages = {349-367},
	Title = {Examples of Adaptive {MCMC}},
	Volume = {18},
	Year = {2009}}

@inproceedings{Geweke,
	Author = {Geweke, J.},
	Booktitle = {Proceedings of the Fourth Valencia International Meeting},
	Date-Added = {2017-06-07 22:00:26 +0000},
	Date-Modified = {2017-06-07 22:10:22 +0000},
	Editor = {Bernado, J.M. and Berger, J.O. and Dawid, A.P. and Smith, A.F.M.},
	Journal = {Bayesian Statistics},
	Number = {4},
	Pages = {169-188},
	Publisher = {Clarendon Press},
	Title = {Evaluating the Accuracy of Sampling-based Approaches to the Calculation of Posterior Moments},
	Year = {1992}}

@book{martin,
	Author = {Martin, R.C.},
	Date-Added = {2017-06-06 19:02:27 +0000},
	Date-Modified = {2017-06-07 21:59:50 +0000},
	Publisher = {Prentice Hall},
	Title = {Clean Code: A Handbook of Agile Software Craftsmanship},
	Year = {2008}}

@book{Kranz,
	Author = {Kranz, J.},
	Date-Added = {2017-05-23 01:22:14 +0000},
	Date-Modified = {2017-06-07 21:59:39 +0000},
	Publisher = {Berlin; New York: Springer-Verlag},
	Title = {Epidemics of plant diseases},
	Year = {1990}}

@book{Anderson,
	Author = {Anderson, R.M. and May, R.M.},
	Date-Added = {2017-05-23 01:20:23 +0000},
	Date-Modified = {2017-06-07 21:58:38 +0000},
	Publisher = {Oxford University Press},
	Title = {Infectious Diseases of Humans},
	Year = {1998}}

@article{Metropolis,
	Author = {Metropolis, N. and Rosenbluth, A.W. and Rosenbluth, M.N. and Teller, A.H. and Teller, E.},
	Date-Added = {2017-05-22 19:31:30 +0000},
	Date-Modified = {2017-06-07 21:59:29 +0000},
	Journal = {Journal of Chemical Physics},
	Number = {6},
	Pages = {1087--1092},
	Title = {Equation of state calculations by fast computing machines},
	Volume = {21},
	Year = {1953}}

@book{Bremaud,
	Author = {Br{\'e}maud, P.},
	Date-Added = {2017-05-13 18:44:11 +0000},
	Date-Modified = {2017-06-07 21:56:58 +0000},
	Publisher = {Springer},
	Title = {{M}arkov {C}hains: {G}ibbs {F}ields, {M}onte {C}arlo {S}imulation, and {Q}ueues},
	Year = {1998}}

@book{Klein,
	Author = {Klein, J.P. and Moeschberger, M.L.},
	Date-Added = {2017-05-12 22:41:25 +0000},
	Date-Modified = {2017-06-07 21:56:36 +0000},
	Publisher = {Springer},
	Title = {Survival Analysis: Techniques for Censored and Truncated Data},
	Year = {1997}}

@article{Brown,
	Author = {Brown, P. and Chimard, F. and Remorov, A. and Rosenthal, J. and Wang, X.},
	Date-Added = {2017-04-12 03:33:01 +0000},
	Date-Modified = {2017-06-07 21:56:08 +0000},
	Journal = {Applied Statistics},
	Number = {3},
	Pages = {467-482},
	Title = {Statistical inference and computational efficiency for spatial infectious disease models with plantation data},
	Volume = {63},
	Year = {2014}}

@book{Hoff,
	Author = {P. D. Hoff},
	Date-Added = {2017-04-05 21:04:16 +0000},
	Date-Modified = {2017-04-05 21:05:02 +0000},
	Publisher = {Springer},
	Title = {A First Course in Bayesian Statistical Methods},
	Year = {2009}}

@article{Deardon,
	Author = {Deardon, R. and Brooks, S. and Grenfell, B. and Keeling, M. and Tildesley, M. and Savill, N. and Shaw, D. and Woolhouse, M.},
	Date-Added = {2017-04-05 02:17:53 +0000},
	Date-Modified = {2017-06-07 21:58:13 +0000},
	Journal = {Staistical Sinica},
	Pages = {325-336},
	Title = {Inference for individual-level models of infectious diseases in large populations},
	Volume = {15},
	Year = {2006}}

@article{ONeill,
	Author = {P. D. O'Neill and D. J. Balding and N. G. Becker and M. Eerola and D. Mollison},
	Date-Added = {2017-04-05 02:15:19 +0000},
	Date-Modified = {2017-05-04 05:30:00 +0000},
	Journal = {Applied Statistics},
	Number = {49},
	Pages = {517-542},
	Title = {Analysis of infectious disease data from household outbreaks by {M}arkov {C}hain {M}onte {C}arlo methods},
	Year = {2000}}

@article{Diggle,
	Author = {Diggle, P.},
	Date-Added = {2017-04-05 02:12:02 +0000},
	Date-Modified = {2017-04-05 02:14:28 +0000},
	Journal = {Statistical Methods in Medical Research},
	Number = {15},
	Pages = {325-336},
	Title = {Spatio-temporal point processes, partial likelihood, foot and mouth disease},
	Year = {2006}}

@article{Gibson,
	Author = {Gibson, G. J.},
	Date-Added = {2017-04-05 02:10:19 +0000},
	Date-Modified = {2017-05-04 05:28:52 +0000},
	Journal = {Applied Statistics},
	Number = {46},
	Pages = {215-233},
	Title = {{M}arkov {C}hain {M}onte {C}arlo methods for fitting spatiotemporal stochastic models in plant epidemiology},
	Year = {1997}}

@article{McKinley,
	Author = {McKinley, T. and Cook, A. R. and Deardon, R.},
	Date-Added = {2017-04-05 02:07:18 +0000},
	Date-Modified = {2017-04-05 02:52:43 +0000},
	Journal = {International Journal of Biostatistics},
	Number = {5},
	Title = {Inference in epidemic models without likelihoods},
	Volume = {1},
	Year = {2009}}

@article{Haber,
	Author = {Haber, M. and Longini, Jr. I. M. and Cotsonis, G.A.},
	Date-Added = {2017-04-05 02:04:46 +0000},
	Date-Modified = {2017-04-05 02:53:07 +0000},
	Journal = {Biometrics},
	Number = {44},
	Pages = {163-173},
	Title = {Models for the statistical analysis of infectious disease data},
	Year = {1988}}

@book{Becker,
	Address = {Boca Raton},
	Author = {N.G. Becker},
	Date-Added = {2017-04-05 02:02:31 +0000},
	Date-Modified = {2017-04-05 02:55:05 +0000},
	Publisher = {Chapman and Hall-CRC},
	Title = {Analysis of Infectious Disease Data},
	Year = {1989}}

@article{Jewell,
	Author = {Jewell, C. and Kypraios, T. and Neal, P. and Roberts, G.},
	Date-Added = {2017-04-05 01:59:04 +0000},
	Date-Modified = {2017-06-07 22:00:21 +0000},
	Journal = {Bayesian Analysis},
	Number = {4},
	Pages = {465-496},
	Title = {Bayesian analysis for emerging infectious diseases},
	Year = {2009}}

@book{Keeling,
	Address = {Princeton},
	Author = {Keeling, M. and Rohani, P.},
	Date-Added = {2017-04-05 01:50:52 +0000},
	Date-Modified = {2017-04-05 02:04:19 +0000},
	Publisher = {Princeton University Press},
	Title = {Modeling Infectious Diseases in Humans and Animals},
	Year = {2008}}
